@book{lambek1988,
  title={Introduction to higher-order categorical logic},
  author={Lambek, Joachim and Scott, Philip J},
  volume={7},
  year={1988},
  address={Cambridge},
  publisher={Cambridge University Press}
}

@book{awodey2010,
  title={Category theory},
  author={Awodey, Steve},
  year={2010},
  address={Oxford},
  publisher={OUP Oxford}
}

@book{riehl2017,
  title={Category theory in context},
  author={Riehl, Emily},
  year={2017},
  address={Nova Iorque},
  publisher={Courier Dover Publications}
}

@book{rosiak2022,
  title={Sheaf theory through examples},
  author={Rosiak, Daniel},
  year={2022},
  address={Cambridge},
  publisher={MIT Press}
}

@book{nederpelt2014,
  title={Type theory and formal proof: an introduction},
  author={Nederpelt, Rob and Geuvers, Herman},
  year={2014},
  address={Cambridge},
  publisher={Cambridge University Press}
}

@article{church1940,
  title={A formulation of the simple theory of types},
  volume={5},
  DOI={10.2307/2266170},
  number={2},
  journal={Journal of Symbolic Logic},
  author={Church, Alonzo},
  year={1940},
  pages={56â€“68}
}

@book{jacobs1999,
  title={Categorical logic and type theory},
  author={Jacobs, Bart},
  year={1999},
  address={Amsterdam},
  publisher={Elsevier}
}

@book{rijke2022,
      title={Introduction to Homotopy Type Theory}, 
      author={Egbert Rijke},
      year={2022},
      eprint={2212.11082},
      archivePrefix={arXiv},
      primaryClass={id='math.LO' full_name='Logic' is_active=True alt_name=None in_archive='math' is_general=False description='Logic, set theory, point-set topology, formal mathematics'}
}

@article{pfenning2009,
  title={Lecture Notes on Natural Numbers},
  author={Pfenning, Frank},
  year={2009}
}

@article{godel1980,
  title={On a hitherto unexploited extension of the finitary standpoint},
  author={G{\"o}del, Kurt},
  journal={Journal of philosophical logic},
  volume={9},
  pages={133--142},
  year={1980},
  publisher={Springer}
}

@article{tait1967,
  title={Intensional interpretations of functionals of finite type I},
  author={Tait, William W},
  journal={The journal of symbolic logic},
  volume={32},
  number={2},
  pages={198--212},
  year={1967},
  publisher={Cambridge University Press}
}

@book{girard1989,
  title={Proofs and types},
  author={Girard, Jean-Yves and Taylor, Paul and Lafont, Yves},
  volume={7},
  year={1989},
  address={Cambridge},
  publisher={Cambridge university press}
}